@article{ref1,
  title={{Two-qubit silicon quantum processor with operation fidelity exceeding 99\%}},
  author={D. R. and others},
  journal={arXiv preprint},
  archiveprefix={arXiv},
  eprint={2111.11937v1},
  primaryclass={quant-ph},
  year={2021},
  note={Nov 23, 2021}
}

@misc{ref2,
  title={{Semiconductor Quantum Computation}},
  author={{Unknown Author/Source}},
  howpublished={Internal Material},
  year={2018},
  note={Date: 27/11/2018}
}

@article{ref3,
  title={{Benchmarking Gate Fidelities in a Si/SiGe Two-Qubit Device}},
  author={J. W. and others},
  journal={PHYSICAL REVIEW X},
  volume={9},
  issue={021011},
  year={2019}
}

@misc{ref4,
  title={{A >99.9\%-fidelity quantum-dot spin qubit with coherence limited by charge noise}},
  author={{Unknown Author/Source}},
  howpublished={Research Abstract/Preprint}
}

@article{ref5,
  title={{Interfacing spin qubits in quantum dots and donors - hot, dense and coherent}},
  author={L. M. K. and others},
  journal={arXiv preprint},
  archiveprefix={arXiv},
  eprint={1612.05936v1},
  primaryclass={cond-mat.mes-hall},
  year={2016},
  note={Dec 18, 2016}
}

@article{ref6,
  title={{A hole spin qubit in a fin field-effect transistor above 4 kelvin}},
  author={C. K. and others},
  journal={arXiv preprint},
  archiveprefix={arXiv},
  eprint={2103.07369v2},
  primaryclass={cond-mat.mes-hall},
  year={2023},
  note={Feb 6, 2023}
}

@article{ref7,
  title={{A CMOS silicon spin qubit}},
  author={M. V. and others},
  journal={arXiv preprint},
  archiveprefix={arXiv},
  eprint={1605.07599v1},
  primaryclass={cond-mat.mes-hall},
  year={2016},
  note={May 24, 2016}
}

@article{ref8,
  title={{Trapped-Ion Quantum Computing: Progress and Challenges}},
  author={C. S. and others},
  journal={arXiv preprint},
  archiveprefix={arXiv},
  eprint={1904.04178v1},
  primaryclass={quant-ph},
  year={2019},
  note={Apr 8, 2019}
}

@article{ref9,
  title={{Semiconductor Spin Qubits}},
  author={M. K. S. and others},
  journal={arXiv preprint},
  archiveprefix={arXiv},
  eprint={2112.08863v1},
  primaryclass={cond-mat.mes-hall},
  year={2021},
  note={Dec 16, 2021}
}

@article{ref10,
  title={{12-spin-qubit arrays fabricated on a 300 mm semiconductor manufacturing line}},
  author={J. H. and others},
  journal={arXiv preprint},
  archiveprefix={arXiv},
  eprint={2410.16583v1},
  primaryclass={cond-mat.mes-hall},
  year={2024},
  note={Oct 22, 2024}
}

@article{ref11,
  title={{Universal control of a six qubit quantum processor in silicon}},
  author={A. B. and others},
  journal={arXiv preprint},
  archiveprefix={arXiv},
  eprint={2202.09252v1},
  primaryclass={cond-mat.mes-hall},
  year={2022},
  note={Feb 18, 2022}
}

@article{ref12,
  title={{The Physical Implementation of Quantum Computation}},
  author={D. P. DiVincenzo},
  journal={arXiv preprint},
  archiveprefix={arXiv},
  eprint={quant-ph/0002077v3},
  primaryclass={quant-ph},
  year={2000},
  note={Apr 13, 2000}
}
